%% Created using Papers on Wed, 17 Oct 2018.
%% http://papersapp.com/papers/

@article{Nurmsoo:2008jq,
author = {Nurmsoo, Erika and Bloom, Paul},
title = {{Preschoolers' perspective taking in word learning: Do they blindly follow eye gaze?}},
journal = {Psychological Science},
year = {2008},
volume = {19},
number = {3},
pages = {211--215},
month = mar
}

@article{Stroebe:2016dj,
author = {Stroebe, Wolfgang},
title = {{Are most published social psychological findings false?}},
journal = {Journal of Experimental Social Psychology},
year = {2016},
volume = {66},
number = {C},
pages = {134--144},
month = sep
}

@article{Johnson:2017gu,
author = {Johnson, Valen E and Payne, Richard D and Wang, Tianying and Asher, Alex and Mandal, Soutrik},
title = {{On the Reproducibility of Psychological Science}},
journal = {Journal of the American Statistical Association},
year = {2017},
volume = {112},
number = {517},
pages = {1--10},
month = mar
}

@article{Jager:2013dq,
author = {Jager, Leah R and Leek, Jeffrey T},
title = {{An estimate of the science-wise false discovery rate and application to the top medical literature}},
journal = {Biostatistics},
year = {2013},
volume = {15},
number = {1},
pages = {1--12},
month = dec
}

@article{Bassok:2008kt,
author = {Bassok, Miriam and Pedigo, Samuel F and Oskarsson, An T},
title = {{Priming addition facts with semantic relations}},
journal = {Journal of Experimental Psychology: Learning, Memory, and Cognition},
year = {2008},
volume = {34},
number = {2},
pages = {343--352}
}

@article{Janiszewski:2008kg,
author = {Janiszewski, Chris and Uy, Dan},
title = {{Precision of the anchor influences the amount of adjustment}},
journal = {Psychological Science},
year = {2008},
volume = {19},
number = {2},
pages = {121--127},
month = feb
}

@article{Liefooghe:2008bd,
author = {Liefooghe, Baptist and Barrouillet, Pierre and Vandierendonck, Andr{\'e} and Camos, Val{\'e}rie},
title = {{Working memory costs of task switching}},
journal = {Journal of Experimental Psychology: Learning, Memory, and Cognition},
year = {2008},
volume = {34},
number = {3},
pages = {478--494}
}

@article{Gelman:2000tg,
author = {Gelman, Andrew and Tuerlinckx, Francis},
title = {{Type S error rates for classical and Bayesian single and multiple comparison procedures}},
journal = {Computational Statistics},
year = {2000},
volume = {15},
number = {3},
pages = {373--390}
}

@article{Etz:2016gx,
author = {Etz, Alexander and Vandekerckhove, Joachim},
title = {{A Bayesian Perspective on the Reproducibility Project: Psychology}},
journal = {PLOS ONE},
year = {2016},
volume = {11},
number = {2},
pages = {e0149794--12},
month = feb
}

@article{Albarracin:2008em,
author = {Albarrac{\'\i}n, Dolores and Handley, Ian M and Noguchi, Kenji and McCulloch, Kathleen C and Li, Hong and Leeper, Joshua and Brown, Rick D and Earl, Allison and Hart, William P},
title = {{Increasing and decreasing motor and cognitive output: A model of general action and inaction goals}},
journal = {Journal of Personality and Social Psychology},
year = {2008},
volume = {95},
number = {3},
pages = {510--523}
}

@webpage{Gilbert:2016th,
author = {Gilbert, Daniel T and King, Gary and Pettigrew, Stephen and Wilson, Timothy D},
title = {{More on {\textquotedblleft}Estimating the Reproducibility of Psychological Science{\textquotedblright}}},
year = {2016},
month = mar,
url = {https://projects.iq.harvard.edu/files/psychology-replications/files/gkpw_post_publication_response.pdf}
}

@webpage{Glass:2000vu,
author = {Glass, Gene V},
title = {{Meta-analysis at 25}},
year = {2000},
url = {http://www.gvglass.info/papers/meta25.html}
}

@article{Masicampo:2008jl,
author = {Masicampo, Emer James and Baumeister, Roy F},
title = {{Toward a physiology of dual-process reasoning and judgment: Lemonade, willpower, and expensive rule-based analysis}},
journal = {Psychological Science},
year = {2008},
volume = {19},
number = {3},
pages = {255--260},
month = mar
}

@article{Lau:2008td,
author = {Lau, Grace P and Kay, Aaron C and Spencer, Steven J},
title = {{Loving those who justify inequality: The effects of system threat on attraction to women who embody benevolent sexist ideals}},
journal = {Psychological Science},
year = {2008},
volume = {19},
number = {1},
pages = {20--21}
}

@article{Amrhein:2017en,
author = {Amrhein, Valentin and Korner-Nievergelt, Fr{\"a}nzi and Roth, Tobias},
title = {{The earth is flat (\emph{p}~>~0.05): significance thresholds and the crisis of unreplicable research}},
journal = {PeerJ},
year = {2017},
volume = {5},
number = {2},
pages = {e3544}
}

@article{Payne:2008bf,
author = {Payne, B Keith and Burkley, Melissa A and Stokes, Mark B},
title = {{Why do implicit and explicit attitude tests diverge? The role of structural fit}},
journal = {Journal of Personality and Social Psychology},
year = {2008},
volume = {94},
number = {1},
pages = {16--31}
}

@article{Weinstein:2013hl,
author = {Weinstein, Asaf and Fithian, William and Benjamini, Yoav},
title = {{Selection Adjusted Confidence Intervals With More Power to Determine the Sign}},
journal = {Journal of the American Statistical Association},
year = {2013},
volume = {108},
number = {501},
pages = {165--176},
month = mar
}

@article{Yap:2008fm,
author = {Yap, Melvin J and Balota, David A and Tse, Chi-Shing and Besner, Derek},
title = {{On the additive effects of stimulus quality and word frequency in lexical decision: Evidence for opposing interactive influences revealed by RT distributional analyses.}},
journal = {Journal of Experimental Psychology: Learning, Memory, and Cognition},
year = {2008},
volume = {34},
number = {3},
pages = {495--513}
}

@article{Mirman:2008bz,
author = {Mirman, Daniel and Magnuson, James S},
title = {{Attractor dynamics and semantic neighborhood density: processing is slowed by near neighbors and speeded by distant neighbors}},
journal = {Journal of Experimental Psychology: Learning, Memory, and Cognition},
year = {2008},
volume = {34},
number = {1},
pages = {65--79},
month = jan
}

@article{Meng:1992vq,
author = {Meng, Xiao-Li and Rosenthal, Robert and Rubin, Donald B},
title = {{Comparing correlated correlation coefficients}},
journal = {Psychological Bulletin},
year = {1992},
volume = {111},
number = {1},
pages = {172--175}
}

@article{Forti:2008bq,
author = {Forti, Sara and Humphreys, Glyn W},
title = {{Sensitivity to object viewpoint and action instructions during search for targets in the lower visual field}},
journal = {Psychological Science},
year = {2008},
volume = {19},
number = {1},
pages = {42--47},
month = jan
}

@article{Gelman:2017es,
author = {Gelman, Andrew},
title = {{The Failure of Null Hypothesis Significance Testing When Studying Incremental Changes, and What to Do About It}},
journal = {Personality and Social Psychology Bulletin},
year = {2017},
volume = {44},
number = {1},
pages = {16--23},
month = aug
}

@article{Berry:2008jh,
author = {Berry, Christopher J and Shanks, David R and Henson, Richard N A},
title = {{A single-system account of the relationship between priming, recognition, and fluency}},
journal = {Journal of Experimental Psychology: Learning, Memory, and Cognition},
year = {2008},
volume = {34},
number = {1},
pages = {97--111}
}

@webpage{Baker:2015kd,
author = {Baker, Monya},
title = {{Over half of psychology studies fail reproducibility test}},
year = {2015},
month = aug,
url = {http://www.nature.com/doifinder/10.1038/nature.2015.17433}
}

@article{Addis:2008hf,
author = {Addis, Donna Rose and Wong, Alana T and Schacter, Daniel L},
title = {{Age-related changes in the episodic simulation of future events}},
journal = {Psychological Science},
year = {2008},
volume = {19},
number = {1},
pages = {33--41},
month = jan
}

@article{Pacton:2008dj,
author = {Pacton, S{\'e}bastien and Perruchet, Pierre},
title = {{An attention-based associative account of adjacent and nonadjacent dependency learning}},
journal = {Journal of Experimental Psychology: Learning, Memory, and Cognition},
year = {2008},
volume = {34},
number = {1},
pages = {80--96}
}

@article{Anderson:2016gs,
author = {Anderson, Christopher J and Bahn{\'\i}k, {\v{S}}t{\v e}p{\'a}n and Barnett-Cowan, Michael and Bosco, Frank A and Chandler, Jesse and Chartier, Christopher R and Cheung, Felix and Christopherson, Cody D and Cordes, Andreas and Cremata, Edward J and Della Penna, Nicholas and Estel, Vivien and Fedor, Anna and Fitneva, Stanka A and Frank, Michael C and Grange, James A and Hartshorne, Joshua K and Hasselman, Fred and Henninger, Felix and van der Hulst, Marije and Jonas, Kai J and Lai, Calvin K and Levitan, Carmel A and Miller, Jeremy K and Moore, Katherine S and Meixner, Johannes M and Munaf{\`o}, Marcus R and Neijenhuijs, Koen I and Nilsonne, Gustav and Nosek, Brian A and Plessow, Franziska and Prenoveau, Jason M and Ricker, Ashley A and Schmidt, Kathleen and Spies, Jeffrey R and Stieger, Stefan and Strohminger, Nina and Sullivan, Gavin B and van Aert, Robbie C M and van Assen, Marcel A L M and Vanpaemel, Wolf and Vianello, Michelangelo and Voracek, Martin and Zuni, Kellylynn},
title = {{Response to Comment on {\textquotedblleft}Estimating the reproducibility of psychological science{\textquotedblright}}},
journal = {Science},
year = {2016},
volume = {351},
number = {6277},
pages = {1037c},
month = mar
}

@article{Goodman:2016bo,
author = {Goodman, Steven N and Fanelli, Daniele and Ioannidis, John P A},
title = {{What does research reproducibility mean?}},
journal = {Science Translational Medicine},
year = {2016},
volume = {8},
number = {341},
pages = {341ps12},
month = jun
}

@article{Granek:2015to,
author = {Caplan, Arthur and Ehrlichman, Howard and Granek, Leeat},
title = {{How Reliable Are Psychology Studies?}},
journal = {The New York Times},
year = {2015},
pages = {A26},
month = sep
}

@article{Heine:2008fx,
author = {Heine, Steven J and Buchtel, Emma E and Norenzayan, Ara},
title = {{What do cross-national comparisons of personality traits tell us? The case of conscientiousness}},
journal = {Psychological Science},
year = {2008},
volume = {19},
number = {4},
pages = {309--313},
month = apr
}

@article{Correll:2008cj,
author = {Correll, Joshua},
title = {{1/f noise and effort on implicit measures of bias.}},
journal = {Journal of Personality and Social Psychology},
year = {2008},
volume = {94},
number = {1},
pages = {48--59}
}

@article{Cox:2013ee,
author = {Cox, David R},
title = {{Discussion: Comment on a paper by Jager and Leek}},
journal = {Biostatistics},
year = {2013},
volume = {15},
number = {1},
pages = {16--18},
month = sep
}

@article{Morris:2008dm,
author = {Morris, Alison L and Still, Mary L},
title = {{Now you see it, now you don't: Repetition blindness for nonwords}},
journal = {Journal of Experimental Psychology: Learning, Memory, and Cognition},
year = {2008},
volume = {34},
number = {1},
pages = {146--166}
}

@article{Larsen:2008tu,
author = {Larsen, Jeff T and McKibban, Amie R},
title = {{Is Happiness Having What You Want, Wanting What You Have, or Both?}},
journal = {Psychological Science},
year = {2008},
volume = {19},
number = {4},
pages = {371--377}
}

@article{Fisher:1921vq,
author = {Fisher, Ronald Aylmer},
title = {{On the 'probable error' of a coefficient of correlation deduced from a small sample}},
journal = {Metron},
year = {1921},
volume = {1},
pages = {3--32}
}

@article{McKinstry:2008ez,
author = {McKinstry, Chris and Dale, Rick and Spivey, Michael J},
title = {{Action dynamics reveal parallel competition in decision making}},
journal = {Psychological Science},
year = {2008},
volume = {19},
number = {1},
pages = {22--24},
month = jan
}

@article{Benjamin:2018gh,
author = {Benjamin, Daniel J and Berger, James O and Johannesson, Magnus and Nosek, Brian A and Wagenmakers, Eric-Jan and Berk, Richard A and Bollen, Kenneth A and Brembs, Bj{\"o}rn and Brown, Lawrence and Camerer, Colin F and Cesarini, David and Chambers, Christopher D and Clyde, Merlise and Cook, Thomas D and De Boeck, Paul and Dienes, Zoltan and Dreber, Anna and Easwaran, Kenny and Efferson, Charles and Fehr, Ernst and Fidler, Fiona and Field, Andy P and Forster, Malcolm and George, Edward I and Gonzalez, Richard and Goodman, Steven N and Green, Edwin and Green, Donald P and Greenwald, Anthony G and Hadfield, Jarrod D and Hedges, Larry V and Held, Leonhard and Ho, Teck-Hua and Hoijtink, Herbert and Hruschka, Daniel J and Imai, Kosuke and Imbens, Guido W and Ioannidis, John P A and Jeon, Minjeong and Jones, James Holland and Kirchler, Michael and Laibson, David and List, John and Little, Roderick and Lupia, Arthur and Machery, Edouard and Maxwell, Scott E and McCarthy, Michael and Moore, Don A and Morgan, Stephen L and Munaf{\`o}, Marcus R and Nakagawa, Shinichi and Nyhan, Brendan and Parker, Timothy H and Pericchi, Luis and Perugini, Marco and Rouder, Jeff and Rousseau, Judith and Savalei, Victoria and Sch{\"o}nbrodt, Felix D and Sellke, Thomas and Sinclair, Betsy and Tingley, Dustin and Van Zandt, Trisha and Vazire, Simine and Watts, Duncan J and Winship, Christopher and Wolpert, Robert L and Xie, Yu and Young, Cristobal and Zinman, Jonathan and Johnson, Valen E},
title = {{Redefine statistical significance}},
journal = {Nature Human Behaviour},
year = {2018},
volume = {2},
pages = {6--10},
month = jan
}

@article{Benjamini:2005bv,
author = {Benjamini, Yoav and Yekutieli, Daniel},
title = {{False Discovery Rate-Adjusted Multiple Confidence Intervals for Selected Parameters}},
journal = {Journal of the American Statistical Association},
year = {2005},
volume = {100},
number = {469},
pages = {71--81},
month = mar
}

@article{Tabibnia:2008kq,
author = {Tabibnia, Golnaz and Satpute, Ajay B and Lieberman, Matthew D},
title = {{The sunny side of fairness: preference for fairness activates reward circuitry (and disregarding unfairness activates self-control circuitry)}},
journal = {Psychological Science},
year = {2008},
volume = {19},
number = {4},
pages = {339--347},
month = apr
}

@article{Armor:2008jp,
author = {Armor, David A and Massey, Cade and Sackett, Aaron M},
title = {{Prescribed optimism: Is it right to be wrong about the future?}},
journal = {Psychological Science},
year = {2008},
volume = {19},
number = {4},
pages = {329--331},
month = apr
}

@article{Schuemie:2013bl,
author = {Schuemie, Martijn J and Ryan, Patrick B and Suchard, Marc A and Shahn, Zach and Madigan, David},
title = {{Discussion: An estimate of the science-wise false discovery rate and application to the top medical literature}},
journal = {Biostatistics},
year = {2013},
volume = {15},
number = {1},
pages = {36--39},
month = dec
}

@article{Halevy:2008gb,
author = {Halevy, Nir and Bornstein, Gary and Sagiv, Lilach},
title = {{{\textquotedblleft}In-group love{\textquotedblright} and {\textquotedblleft}out-group hate{\textquotedblright} as motives for individual participation in intergroup conflict: A new game paradigm}},
journal = {Psychological Science},
year = {2008},
volume = {19},
number = {4},
pages = {405--411},
month = apr
}

@article{Valentine:2011ga,
author = {Valentine, Jeffrey C and Biglan, Anthony and Boruch, Robert F and Castro, Felipe Gonz{\'a}lez and Collins, Linda M and Flay, Brian R and Kellam, Sheppard and Mo{\'{s}}cicki, Eve K and Schinke, Steven P},
title = {{Replication in Prevention Science}},
journal = {Prevention Science},
year = {2011},
volume = {12},
number = {2},
pages = {103--117},
month = may
}

@article{Storey:2003gj,
author = {Storey, John D and Tibshirani, Robert},
title = {{Statistical significance for genomewide studies}},
journal = {Proceedings of the National Academy of Sciences of the United States of America},
year = {2003},
volume = {100},
number = {16},
pages = {9440--9445}
}

@article{LoBue:2008cn,
author = {LoBue, Vanessa and DeLoache, Judy S},
title = {{Detecting the snake in the grass: Attention to fear-relevant stimuli by adults and young children}},
journal = {Psychological Science},
year = {2008},
volume = {19},
number = {3},
pages = {284--289},
month = mar
}

@article{Beaman:2008df,
author = {Beaman, C Philip and Neath, Ian and Surprenant, Aim{\'e}e M},
title = {{Modeling distributions of immediate memory effects: No strategies needed?}},
journal = {Journal of Experimental Psychology: Learning, Memory, and Cognition},
year = {2008},
volume = {34},
number = {1},
pages = {219--229}
}

@article{Fithian:2014ws,
author = {Fithian, William and Sun, Dennis L and Taylor, Jonathan E},
title = {{Optimal Inference After Model Selection}},
journal = {arXiv},
year = {2014},
eprint = {1410.2597v2},
eprinttype = {arxiv},
eprintclass = {math.ST},
month = oct
}

@article{Janssen:2008ca,
author = {Janssen, Niels and Alario, F-Xavier and Caramazza, Alfonso},
title = {{A word-order constraint on phonological activation}},
journal = {Psychological Science},
year = {2008},
volume = {19},
number = {3},
pages = {216--220},
month = mar
}

@article{GanorStern:2008hz,
author = {Ganor-Stern, Dana and Tzelgov, Joseph},
title = {{Across-notation automatic numerical processing}},
journal = {Journal of Experimental Psychology: Learning, Memory, and Cognition},
year = {2008},
volume = {34},
number = {2},
pages = {430--437}
}

@article{Benjamini:1995cd,
author = {Benjamini, Yoav and Hochberg, Yosef},
title = {{Controlling the false discovery rate: a practical and powerful approach to multiple testing}},
journal = {Journal of the Royal Statistical Society Series B (Statistical Methodology)},
year = {1995},
volume = {57},
number = {1},
pages = {289--300}
}

@article{Simmons:2017gp,
author = {Simmons, Joseph P and Simonsohn, Uri},
title = {{Power Posing: P-Curving the Evidence}},
journal = {Psychological Science},
year = {2017},
volume = {28},
number = {5},
pages = {687--693},
month = apr
}

@article{Amodio:2008fx,
author = {Amodio, David M and Devine, Patricia G and Harmon-Jones, Eddie},
title = {{Individual differences in the regulation of intergroup bias: The role of conflict monitoring and neural signals for control}},
journal = {Journal of Personality and Social Psychology},
year = {2008},
volume = {94},
number = {1},
pages = {60--74}
}

@article{Camerer:2018de,
author = {Camerer, Colin F and Dreber, Anna and Holzmeister, Felix and Ho, Teck-Hua and Huber, J{\"u}rgen and Johannesson, Magnus and Kirchler, Michael and Nave, Gideon and Nosek, Brian A and Pfeiffer, Thomas and Altmejd, Adam and Buttrick, Nick and Chan, Taizan and Chen, Yiling and Forsell, Eskil and Gampa, Anup and Heikensten, Emma and Hummer, Lily and Imai, Taisuke and Isaksson, Siri and Manfredi, Dylan and Rose, Julia and Wagenmakers, Eric-Jan and Wu, Hang},
title = {{Evaluating the replicability of social science experiments in \emph{Nature} and \emph{Science} between 2010 and 2015}},
journal = {Nature Human Behaviour},
year = {2018},
volume = {343},
pages = {229--268},
month = aug
}

@article{Shnabel:2008ck,
author = {Shnabel, Nurit and Nadler, Arie},
title = {{A needs-based model of reconciliation: Satisfying the differential emotional needs of victim and perpetrator as a key to promoting reconciliation}},
journal = {Journal of Personality and Social Psychology},
year = {2008},
volume = {94},
number = {1},
pages = {116--132}
}

@article{Stanovich:2008cm,
author = {Stanovich, Keith E and West, Richard F},
title = {{On the relative independence of thinking biases and cognitive ability}},
journal = {Journal of Personality and Social Psychology},
year = {2008},
volume = {94},
number = {4},
pages = {672--695}
}

@article{Anonymous:uoQKTVTm,
title = {{The scientific method}},
journal = {The Economist},
year = {2016},
month = feb
}

@article{Cox:2008gt,
author = {Cox, Cathy R and Arndt, Jamie and Pyszczynski, Tom and Greenberg, Jeff and Abdollahi, Abdolhossein and Solomon, Sheldon},
title = {{Terror management and adults' attachment to their parents: The safe haven remains}},
journal = {Journal of Personality and Social Psychology},
year = {2008},
volume = {94},
number = {4},
pages = {696--717}
}

@article{McCrea:2008wu,
author = {McCrea, Sean M},
title = {{Self-Handicapping, Excuse Making, and Counterfactual Thinking: Consequences for Self-Esteem and Future Motivation}},
journal = {Journal of Personality and Social Psychology},
year = {2008},
volume = {95},
number = {2},
pages = {274--292},
month = jul
}

@article{Gelman:2014cd,
author = {Gelman, Andrew and Carlin, John},
title = {{Beyond Power Calculations}},
journal = {Perspectives on Psychological Science},
year = {2014},
volume = {9},
number = {6},
pages = {641--651},
month = nov
}

@article{Andrews:2018vh,
author = {Andrews, Isaiah and Kasy, Maximilian},
title = {{Identification of and correction for publication bias}},
journal = {GitHub},
year = {2018},
pages = {1--85},
month = may
}

@article{Nairne:2008eb,
author = {Nairne, James S and Pandeirada, Josefa N S and Thompson, Sarah R},
title = {{Adaptive memory: The comparative value of survival processing}},
journal = {Psychological Science},
year = {2008},
volume = {19},
number = {2},
pages = {176--180},
month = feb
}

@article{Storm:2008bt,
author = {Storm, Benjamin C and Bjork, Elizabeth Ligon and Bjork, Robert A},
title = {{Accelerated relearning after retrieval-induced forgetting: The benefit of being forgotten}},
journal = {Journal of Experimental Psychology: Learning, Memory, and Cognition},
year = {2008},
volume = {34},
number = {1},
pages = {230--236}
}

@article{Barrett:2015vl,
author = {Barrett, Lisa Feldman},
title = {{Psychology Is Not in Crisis}},
journal = {The New York Times},
year = {2015},
pages = {A23},
month = sep
}

@article{Hedges:1992eb,
author = {Hedges, Larry V},
title = {{Modeling publication selection effects in meta-analysis}},
journal = {Statistical Science},
year = {1992},
volume = {7},
number = {2},
pages = {246--255}
}

@article{Duval:2000dg,
author = {Duval, Sue and Tweedie, Richard},
title = {{Trim and Fill: A Simple Funnel-Plot{\textendash}Based Method of Testing and Adjusting for Publication Bias in Meta-Analysis}},
journal = {Biometrics},
year = {2000},
volume = {56},
number = {2},
pages = {455--463},
month = jun
}

@article{Achenbach:2015vi,
author = {Achenbach, Joel},
title = {{Many scientific studies can't be replicated. That's a problem}},
journal = {The Washington Post},
year = {2015},
month = aug
}

@article{Oberauer:2008kx,
author = {Oberauer, Klaus},
title = {{How to say no: Single- and dual-process theories of short-term recognition tested on negative probes}},
journal = {Journal of Experimental Psychology: Learning, Memory, and Cognition},
year = {2008},
volume = {34},
number = {3},
pages = {439--459}
}

@article{Simonsohn:2014fa,
author = {Simonsohn, Uri and Nelson, Leif D and Simmons, Joseph P},
title = {{\emph{P}-Curve: a Key to the File-Drawer}},
journal = {Journal of Experimental Psychology: General},
year = {2014},
volume = {143},
number = {2},
pages = {534--547}
}

@article{Dodson:2008ks,
author = {Dodson, Chad S and Darragh, James and Williams, Allison},
title = {{Stereotypes and retrieval-provoked illusory source recollections}},
journal = {Journal of Experimental Psychology: Learning, Memory, and Cognition},
year = {2008},
volume = {34},
number = {3},
pages = {460--477}
}

@article{Gilbert:2016he,
author = {Gilbert, Daniel T and King, Gary and Pettigrew, Stephen and Wilson, Timothy D},
title = {{Comment on {\textquotedblleft}Estimating the reproducibility of psychological science{\textquotedblright}}},
journal = {Science},
year = {2016},
volume = {351},
number = {6277},
pages = {1037a}
}

@article{Farrell:2008hr,
author = {Farrell, Simon},
title = {{Multiple roles for time in short-term memory: Evidence from serial recall of order and timing}},
journal = {Journal of Experimental Psychology: Learning, Memory, and Cognition},
year = {2008},
volume = {34},
number = {1},
pages = {128--145}
}

@article{Estes:2008ci,
author = {Estes, Zachary and Verges, Michelle and Barsalou, Lawrence W},
title = {{Head up, foot down: Object words orient attention to the objects' typical location}},
journal = {Psychological Science},
year = {2008},
volume = {19},
number = {2},
pages = {93--97},
month = feb
}

@article{Cumming:2008kp,
author = {Cumming, Geoff},
title = {{Replication and \emph{p} Intervals: \emph{p} Values Predict the Future Only Vaguely, but Confidence Intervals Do Much Better}},
journal = {Perspectives on Psychological Science},
year = {2008},
volume = {3},
number = {4},
pages = {286--300},
month = jul
}

@article{Centerbar:2008vx,
author = {Centerbar, David B and Clore, Gerald L and Schnall, Simone and Garvin, Erika},
title = {{Affective incoherence: when affective concepts and embodied reactions clash}},
journal = {Journal of Personality and Social Psychology},
year = {2008},
volume = {94},
number = {4},
pages = {560--578},
month = apr
}

@article{Dessalegn:2008gh,
author = {Dessalegn, Banchiamlack and Landau, Barbara},
title = {{More than meets the eye: The role of language in binding and maintaining feature conjunctions}},
journal = {Psychological Science},
year = {2008},
volume = {19},
number = {2},
pages = {189--195},
month = feb
}

@article{Bressan:2008cj,
author = {Bressan, Paola and Stranieri, Debora},
title = {{The best men are (not always) already taken: Female preference for single versus attached males depends on conception risk}},
journal = {Psychological Science},
year = {2008},
volume = {19},
number = {2},
pages = {145--151},
month = feb
}

@article{Carey:2015wp,
author = {Carey, Benedict},
title = {{Many psychology findings not as strong as claimed, study says}},
journal = {The New York Times},
year = {2015},
pages = {A1},
month = aug
}

@article{Heller:2014cn,
author = {Heller, Ruth and Bogomolov, Marina and Benjamini, Yoav},
title = {{Deciding whether follow-up studies have replicated findings in a preliminary large-scale omics study}},
journal = {Proceedings of the National Academy of Sciences of the United States of America},
year = {2014},
volume = {111},
number = {46},
pages = {16262--16267},
month = nov
}

@article{Blankenship:2008ko,
author = {Blankenship, Kevin L and Wegener, Duane T},
title = {{Opening the mind to close it: Considering a message in light of important values increases message processing and later resistance to change}},
journal = {Journal of Personality and Social Psychology},
year = {2008},
volume = {94},
number = {2},
pages = {196--213}
}

@article{Eitam:2008cm,
author = {Eitam, Baruch and Hassin, Ran R and Schul, Yaacov},
title = {{Nonconscious goal pursuit in novel environments: The case of implicit learning}},
journal = {Psychological Science},
year = {2008},
volume = {19},
number = {3},
pages = {261--267},
month = mar
}

@article{Benjamini:2013ig,
author = {Benjamini, Yoav and Hechtlinger, Yotam},
title = {{Discussion: An estimate of the science-wise false discovery rate and applications to top medical journals by Jager and Leek}},
journal = {Biostatistics},
year = {2013},
volume = {15},
number = {1},
pages = {13--16},
month = dec
}

@article{Francis:2014hq,
author = {Francis, Gregory},
title = {{The frequency of excess success for articles in \emph{Psychological Science}}},
journal = {Psychonomic Bulletin and Review},
year = {2014},
volume = {21},
number = {5},
pages = {1180--1187},
month = mar
}

@article{Lemay:2008jb,
author = {Lemay, Edward P and Clark, Margaret S},
title = {{"Walking on eggshells": How expressing relationship insecurities perpetuates them}},
journal = {Journal of Personality and Social Psychology},
year = {2008},
volume = {95},
number = {2},
pages = {420--441}
}

@article{Goodman:2013kj,
author = {Goodman, Steven N},
title = {{Discussion: An estimate of the science-wise false discovery rate and application to the top medical literature}},
journal = {Biostatistics},
year = {2013},
volume = {15},
number = {1},
pages = {23--27},
month = dec
}

@article{Pleskac:2008de,
author = {Pleskac, Timothy J},
title = {{Decision making and learning while taking sequential risks}},
journal = {Journal of Experimental Psychology: Learning, Memory, and Cognition},
year = {2008},
volume = {34},
number = {1},
pages = {167--185}
}

@article{PurdieVaughns:2008en,
author = {Purdie-Vaughns, Valerie and Steele, Claude M and Davies, Paul G and Ditlmann, Ruth and Crosby, Jennifer Randall},
title = {{Social identity contingencies: How diversity cues signal threat or safety for African Americans in mainstream institutions}},
journal = {Journal of Personality and Social Psychology},
year = {2008},
volume = {94},
number = {4},
pages = {615--630}
}

@article{White:2008fb,
author = {White, Peter A},
title = {{Accounting for occurrences: A new view of the use of contingency information in causal judgment}},
journal = {Journal of Experimental Psychology: Learning, Memory, and Cognition},
year = {2008},
volume = {34},
number = {1},
pages = {204--218}
}

@article{Lee:2016fv,
author = {Lee, Jason D and Sun, Dennis L and Sun, Yuekai and Taylor, Jonathan E},
title = {{Exact post-selection inference, with application to the lasso}},
journal = {The Annals of Statistics},
year = {2016},
volume = {44},
number = {3},
pages = {907--927}
}

@article{Benjamini:2014vm,
author = {Benjamini, Yoav and Meir, Amit},
title = {{Selective Correlations - the conditional estimators}},
journal = {arXiv},
year = {2014},
eprint = {1412.3242},
eprinttype = {arxiv},
eprintclass = {stat.ME},
month = dec
}

@article{Farris:2008ev,
author = {Farris, Coreen and Treat, Teresa A and Viken, Richard J and McFall, Richard M},
title = {{Perceptual mechanisms that characterize gender differences in decoding women's sexual intent}},
journal = {Psychological Science},
year = {2008},
volume = {19},
number = {4},
pages = {348--354},
month = apr
}

@article{Ioannidis:2005bw,
author = {Ioannidis, John P A},
title = {{Why Most Published Research Findings Are False}},
journal = {PLOS Medicine},
year = {2005},
volume = {2},
number = {8},
pages = {e124},
month = aug
}

@article{Goschke:2008ey,
author = {Goschke, Thomas and Dreisbach, Gesine},
title = {{Conflict-triggered goal shielding: Response conflicts attenuate background monitoring for prospective memory cues}},
journal = {Psychological Science},
year = {2008},
volume = {19},
number = {1},
pages = {25--32},
month = jan
}

@article{Simonsohn:2014ch,
author = {Simonsohn, Uri and Nelson, Leif D and Simmons, Joseph P},
title = {{\emph{p}-Curve and Effect Size: Correcting for Publication Bias Using Only Significant Results}},
journal = {Perspectives on Psychological Science},
year = {2014},
volume = {9},
number = {6},
pages = {666--681},
month = nov
}

@article{Ioannidis:2013fz,
author = {Ioannidis, John P A},
title = {{Discussion: Why "An estimate of the science-wise false discovery rate and application to the top medical literature" is false}},
journal = {Biostatistics},
year = {2013},
volume = {15},
number = {1},
pages = {28--36},
month = dec
}

@article{Winawer:2008jq,
author = {Winawer, Jonathan and Huk, Alexander C and Boroditsky, Lera},
title = {{A motion aftereffect from still photographs depicting motion}},
journal = {Psychological Science},
year = {2008},
volume = {19},
number = {3},
pages = {276--283},
month = mar
}

@article{Schmidt:2008cd,
author = {Schmidt, James R and Besner, Derek},
title = {{The Stroop effect: Why proportion congruent has nothing to do with congruency and everything to do with contingency}},
journal = {Journal of Experimental Psychology: Learning, Memory, and Cognition},
year = {2008},
volume = {34},
number = {3},
pages = {514--523}
}

@article{Whitlock:2005bh,
author = {Whitlock, Michael C},
title = {{Combining probability from independent tests: the weighted Z-method is superior to Fisher's approach}},
journal = {Journal of Evolutionary Biology},
year = {2005},
volume = {18},
number = {5},
pages = {1368--1373},
month = aug
}

@article{Palmer:2008gb,
author = {Palmer, Stephen E and Ghose, Tandra},
title = {{Extremal edge: A powerful cue to depth perception and figure-ground organization}},
journal = {Psychological Science},
year = {2008},
volume = {19},
number = {1},
pages = {77--83},
month = jan
}

@article{OpenScienceCollaboration:2015cn,
author = {{Open Science Collaboration}},
title = {{Estimating the reproducibility of psychological science}},
journal = {Science},
year = {2015},
volume = {349},
number = {6251},
pages = {943}
}

@article{Guan:2016dp,
author = {Guan, Maime and Vandekerckhove, Joachim},
title = {{A Bayesian approach to mitigation of publication bias}},
journal = {Psychonomic Bulletin and Review},
year = {2016},
volume = {23},
pages = {74--86}
}

@article{Fisher:1924ve,
author = {Fisher, Ronald Aylmer},
title = {{The distribution of the partial correlation coefficient}},
journal = {Metron},
year = {1924},
volume = {3},
pages = {329--332}
}

@article{ErsnerHershfield:2008dt,
author = {Ersner-Hershfield, Hal and Mikels, Joseph A and Sullivan, Sarah J and Carstensen, Laura L},
title = {{Poignancy: Mixed emotional experience in the face of meaningful endings}},
journal = {Journal of Personality and Social Psychology},
year = {2008},
volume = {94},
number = {1},
pages = {158--167}
}

@article{Jager:2013cu,
author = {Jager, Leah R and Leek, Jeffrey T},
title = {{Rejoinder: An estimate of the science-wise false discovery rate and application to the top medical literature}},
journal = {Biostatistics},
year = {2013},
volume = {15},
number = {1},
pages = {39--45},
month = sep
}

@article{Alvarez:2008br,
author = {Alvarez, George A and Oliva, Aude},
title = {{The representation of simple ensemble visual features outside the focus of attention}},
journal = {Psychological Science},
year = {2008},
volume = {19},
number = {4},
pages = {392--398},
month = apr
}

@article{Sahakyan:2008bi,
author = {Sahakyan, Lili and Delaney, Peter F and Waldum, Emily R},
title = {{Intentional forgetting is easier after two "shots" than one}},
journal = {Journal of Experimental Psychology: Learning, Memory, and Cognition},
year = {2008},
volume = {34},
number = {2},
pages = {408--414}
}

@article{Barber:2016ub,
author = {Barber, Rina Foygel and Cand{\`e}s, Emmanuel J},
title = {{A knockoff filter for high-dimensional selective inference}},
journal = {arXiv},
year = {2016},
eprint = {1602.03574},
eprinttype = {arxiv},
eprintclass = {stat.ME},
pages = {1--32},
month = feb
}

@article{Lindsay:2015kv,
author = {Lindsay, D Stephen},
title = {{Replication in Psychological Science}},
journal = {Psychological Science},
year = {2015},
volume = {26},
number = {12},
pages = {1827--1832},
month = nov
}

@article{Nosek:2017ei,
author = {Nosek, Brian A and Errington, Timothy M},
title = {{Reproducibility in Cancer Biology: Making sense of replications}},
journal = {eLife},
year = {2017},
volume = {6},
pages = {e23383},
month = jan
}

@article{Benjamini:2000ka,
author = {Benjamini, Yoav and Hochberg, Yosef},
title = {{On the adaptive control of the false discovery rate in multiple testing with independent statistics}},
journal = {Journal of Educational and Behavioral Statistics},
year = {2000},
volume = {25},
number = {1},
pages = {60--83}
}

@article{Steegen:2014ii,
author = {Steegen, Sara and Dewitte, Laura and Tuerlinckx, Francis and Vanpaemel, Wolf},
title = {{Measuring the crowd within again: a pre-registered replication study}},
journal = {Frontiers in Psychology},
year = {2014},
volume = {5},
number = {786},
month = jul
}

@article{vanDijk:2008br,
author = {van Dijk, Eric and van Kleef, Gerben A and Steinel, Wolfgang and van Beest, Ilja},
title = {{A social functional approach to emotions in bargaining: When communicating anger pays and when it backfires}},
journal = {Journal of Personality and Social Psychology},
year = {2008},
volume = {94},
number = {4},
pages = {600--614}
}

@article{Mitchell:2008hu,
author = {Mitchell, Chris and Nash, Scott and Hall, Geoffrey},
title = {{The intermixed-blocked effect in human perceptual learning is not the consequence of trial spacing}},
journal = {Journal of Experimental Psychology: Learning, Memory, and Cognition},
year = {2008},
volume = {34},
number = {1},
pages = {237--242}
}

@article{Exline:2008dj,
author = {Exline, Julie Juola and Baumeister, Roy F and Zell, Anne L and Kraft, Amy J and Witvliet, Charlotte V O},
title = {{Not so innocent: Does seeing one's own capability for wrongdoing predict forgiveness?}},
journal = {Journal of Personality and Social Psychology},
year = {2008},
volume = {94},
number = {3},
pages = {495--515}
}

@article{Vul:2008cz,
author = {Vul, Edward and Pashler, Harold},
title = {{Measuring the crowd within: Probabilistic representations within individuals}},
journal = {Psychological Science},
year = {2008},
volume = {19},
number = {7},
pages = {645--647},
month = jul
}

@webpage{Gilbert:2016uv,
author = {Gilbert, Daniel T and King, Gary and Pettigrew, Stephen and Wilson, Timothy D},
title = {{A Response to the Reply to Our Technical Comment on {\textquotedblleft}Estimating the Reproducibility of Psychological Science{\textquotedblright}
}},
year = {2016},
month = mar,
url = {https://projects.iq.harvard.edu/files/psychology-replications/files/gkpw_response_to_osc_rebutal.pdf}
}

@article{Holm:1979hl,
author = {Holm, Sture},
title = {{A simple sequentially rejective multiple test procedure}},
journal = {Scandinavian Journal of Statistics},
year = {1979},
volume = {6},
number = {2},
pages = {65--70}
}

@article{Benjamini:2008kj,
author = {Benjamini, Yoav and Heller, Ruth},
title = {{Screening for partial conjunction hypotheses}},
journal = {Biometrics},
year = {2008},
volume = {64},
number = {4},
pages = {1215--1222},
month = dec
}

@article{Lakens:2017fe,
author = {Lakens, Dani{\"e}l},
title = {{Equivalence Tests}},
journal = {Social Psychological and Personality Science},
year = {2017},
volume = {8},
number = {4},
pages = {355--362},
month = may
}

@article{Storey:2002vj,
author = {Storey, John D},
title = {{A direct approach to false discovery rates}},
journal = {Journal of the Royal Statistical Society Series B (Statistical Methodology)},
year = {2002},
volume = {64},
number = {3},
pages = {479--498},
month = jul
}

@article{Risen:2008jo,
author = {Risen, Jane L and Gilovich, Thomas},
title = {{Why people are reluctant to tempt fate}},
journal = {Journal of Personality and Social Psychology},
year = {2008},
volume = {95},
number = {2},
pages = {293--307}
}

@article{Roelofs:2008ik,
author = {Roelofs, Ardi},
title = {{Tracing attention and the activation flow in spoken word planning using eye movements}},
journal = {Journal of Experimental Psychology: Learning, Memory, and Cognition},
year = {2008},
volume = {34},
number = {2},
pages = {353--368}
}

@article{TurkBrowne:2008bg,
author = {Turk-Browne, Nicholas B and Isola, Phillip J and Scholl, Brian J and Treat, Teresa A},
title = {{Multidimensional visual statistical learning}},
journal = {Journal of Experimental Psychology: Learning, Memory, and Cognition},
year = {2008},
volume = {34},
number = {2},
pages = {399--407}
}

@article{Camerer:2016cx,
author = {Camerer, Colin F and Dreber, Anna and Forsell, Eskil and Ho, Teck-Hua and Huber, J{\"u}rgen and Johannesson, Magnus and Kirchler, Michael and Almenberg, Johan and Altmejd, Adam and Chan, Taizan and Heikensten, Emma and Holzmeister, Felix and Imai, Taisuke and Isaksson, Siri and Nave, Gideon and Pfeiffer, Thomas and Razen, Michael and Wu, Hang},
title = {{Evaluating replicability of laboratory experiments in economics}},
journal = {Science},
year = {2016},
volume = {351},
number = {6280},
pages = {1433--1436},
month = mar
}

@article{Murray:2008il,
author = {Murray, Sandra L and Derrick, Jaye L and Leder, Sadie and Holmes, John G},
title = {{Balancing connectedness and self-protection goals in close relationships: A levels-of-processing perspective on risk regulation}},
journal = {Journal of Personality and Social Psychology},
year = {2008},
volume = {94},
number = {3},
pages = {429--459}
}

@article{Hajcak:2008kw,
author = {Hajcak, Greg and Foti, Dan},
title = {{Errors are aversive: Defensive motivation and the error-related negativity}},
journal = {Psychological Science},
year = {2008},
volume = {19},
number = {2},
pages = {103--108},
month = feb
}

@article{Storey:2004dc,
author = {Storey, John D and Taylor, Jonathan E and Siegmund, David},
title = {{Strong control, conservative point estimation and simultaneous conservative consistency of false discovery rates: a unified approach}},
journal = {Journal of the Royal Statistical Society Series B (Statistical Methodology)},
year = {2004},
volume = {66},
number = {1},
pages = {187--205},
month = feb
}

@article{Goff:2008ho,
author = {Goff, Phillip Atiba and Steele, Claude M and Davies, Paul G},
title = {{The space between us: Stereotype threat and distance in interracial contexts}},
journal = {Journal of Personality and Social Psychology},
year = {2008},
volume = {94},
number = {1},
pages = {91--107}
}

@article{Gelman:2013ep,
author = {Gelman, Andrew and O'Rourke, Keith},
title = {{Discussion: Difficulties in making inferences about scientific truth from distributions of published p-values}},
journal = {Biostatistics},
year = {2013},
volume = {15},
number = {1},
pages = {18--23},
month = dec
}

@article{Schnall:2008jz,
author = {Schnall, Simone and Benton, Jennifer and Harvey, Sophie},
title = {{With a clean conscience: Cleanliness reduces the severity of moral judgments}},
journal = {Psychological Science},
year = {2008},
volume = {19},
number = {12},
pages = {1219--1222},
month = dec
}

@article{Moeller:2008by,
author = {Moeller, Sara K and Robinson, Michael D and Zabelina, Darya L},
title = {{Personality dominance and preferential use of the vertical dimension of space: Evidence from spatial attention paradigms}},
journal = {Psychological Science},
year = {2008},
volume = {19},
number = {4},
pages = {355--361},
month = apr
}

@article{Vohs:2008kj,
author = {Vohs, Kathleen D and Schooler, Jonathan W},
title = {{The value of believing in free will: Encouraging a belief in determinism increases cheating}},
journal = {Psychological Science},
year = {2008},
volume = {19},
number = {1},
pages = {49--54},
month = jan
}

